<record><leader>00000cas a22000007a 4500</leader><controlfield tag="001">11658985</controlfield><controlfield tag="008">850205d18511866inuwr ne      0    0eng d</controlfield><datafield ind1=" " ind2=" " tag="010"><subfield code="a">sn 85038032 </subfield></datafield><datafield ind1=" " ind2=" " tag="040"><subfield code="a">NPY</subfield><subfield code="b">eng</subfield><subfield code="c">NPY</subfield><subfield code="d">NPI</subfield><subfield code="d">OCLCQ</subfield></datafield><datafield ind1=" " ind2=" " tag="042"><subfield code="a">msc</subfield></datafield><datafield ind1="0" ind2=" " tag="130"><subfield code="a">Marion journal (Marion, Ind.)</subfield></datafield><datafield ind1="1" ind2="0" tag="245"><subfield code="a">Marion journal.</subfield></datafield><datafield ind1="1" ind2="3" tag="246"><subfield code="a">Journal and record</subfield></datafield><datafield ind1=" " ind2=" " tag="260"><subfield code="a">Marion, Ind. :</subfield><subfield code="b">J.F. &amp; T.J. McDowell</subfield></datafield><datafield ind1=" " ind2=" " tag="300"><subfield code="a">v. :</subfield><subfield code="b">ill. (chiefly advertisements) ;</subfield><subfield code="c">56 cm.</subfield></datafield><datafield ind1=" " ind2=" " tag="310"><subfield code="a">Weekly</subfield></datafield><datafield ind1="1" ind2=" " tag="362"><subfield code="a">Began with Apr. 17, 1851 issue; ceased in late 1866?</subfield></datafield><datafield ind1=" " ind2=" " tag="515"><subfield code="a">Numbering is irregular.</subfield></datafield><datafield ind1=" " ind2=" " tag="588"><subfield code="a">Description based on: Vol. 1, no. 27 (Oct. 30, 1851).</subfield></datafield><datafield ind1=" " ind2=" " tag="752"><subfield code="a">United States</subfield><subfield code="b">Indiana</subfield><subfield code="c">Grant</subfield><subfield code="d">Marion.</subfield></datafield><datafield ind1="0" ind2="5" tag="780"><subfield code="t">Marion record (Marion, Ind.)</subfield><subfield code="w">(DLC)sn 87055076</subfield></datafield><datafield ind1="0" ind2="0" tag="785"><subfield code="t">Journal and monitor</subfield></datafield></record>